@misc{apsLorenz2003,
  author = {American Physical Society},
  title  = {Lorenz and the Butterfly Effect},
  year   = {2003},
  url    = {https://www.aps.org/apsnews/2003/01/lorenz-butterfly-effect-1961},
  note   = {Accessed: 2025-04-01}
}

@article{1963JAtS...20..130L,
  author  = {Lorenz, Edward N.},
  title   = {Deterministic Nonperiodic Flow.},
  journal = {Journal of the Atmospheric Sciences},
  year    = {1963},
  month   = mar,
  volume  = {20},
  number  = {2},
  pages   = {130--148},
  doi     = {10.1175/1520-0469(1963)020<0130:DNF>2.0.CO;2},
  adsurl  = {https://ui.adsabs.harvard.edu/abs/1963JAtS...20..130L},
  adsnote = {Provided by the SAO/NASA Astrophysics Data System}
}

@misc{kashyap2024lorenz,
  author       = {Sameera S. Kashyap and Raj Abhijit Dandekar and Rajat Dandekar and Sreedath Panat},
  title        = {Modeling chaotic Lorenz ODE System using Scientific Machine Learning},
  howpublished = {https://arxiv.org/abs/2410.06452v1},
  note         = {arXiv:2410.06452v1 [cs.LG], 09 Oct 2024},
  year         = {2024}
}

@article{Pathak_2017,
  title     = {Using machine learning to replicate chaotic attractors and calculate Lyapunov exponents from data},
  volume    = {27},
  issn      = {1089-7682},
  url       = {http://dx.doi.org/10.1063/1.5010300},
  doi       = {10.1063/1.5010300},
  number    = {12},
  journal   = {Chaos: An Interdisciplinary Journal of Nonlinear Science},
  publisher = {AIP Publishing},
  author    = {Pathak, Jaideep and Lu, Zhixin and Hunt, Brian R. and Girvan, Michelle and Ott, Edward},
  year      = {2017},
  month     = dec
}

@misc{armaos2024quantumcomputingatmosphericdynamics,
  title         = {Quantum Computing and Atmospheric Dynamics: Exploring the Lorenz System},
  author        = {V. Armaos and Athanassios A. Argiriou and Ioannis Kioutsioukis},
  year          = {2024},
  eprint        = {2401.03475},
  archiveprefix = {arXiv},
  primaryclass  = {quant-ph},
  url           = {https://arxiv.org/abs/2401.03475}
}

@misc{youngaryanLorenzPlot,
  author       = {Aryan Golbaghi},
  title        = {Lorenz attractor visualization},
  year         = {2025},
  howpublished = {https://github.com/youngaryan/COM3001_ASSIGN/blob/main/1.1/images/lorenz_init.png},
  note         = {Accessed: 2025-04-01}
}

@misc{youngaryanLorenzPlot1.1.4,
  author       = {Aryan Golbaghi},
  title        = {Lorenz attractor visualization},
  year         = {2025},
  howpublished = {https://github.com/youngaryan/COM3001_ASSIGN/blob/main/1.1.4/1.1.4.py},
  note         = {Accessed: 2025-04-01}
}

@misc{youngaryanLorenzPlot1.1.4_image,
  author       = {Aryan Golbaghi},
  title        = {Lorenz attractor visualization},
  year         = {2025},
  howpublished = {https://github.com/youngaryan/COM3001_ASSIGN/blob/main/1.1.4/images/phase_portraits.png},
  note         = {Accessed: 2025-04-01}
}

@misc{youngaryanLorenzError1.1.4_image,
  author       = {Aryan Golbaghi},
  title        = {Lorenz attractor visualization error 3 steps},
  year         = {2025},
  howpublished = {https://github.com/youngaryan/COM3001_ASSIGN/blob/main/1.1.4/images/error_comparison.png},
  note         = {Accessed: 2025-04-01}
}

@misc{youngaryanLorenzError1.1.41000_image,
  author       = {Aryan Golbaghi},
  title        = {Lorenz attractor error 1000 time steps},
  year         = {2025},
  howpublished = {https://github.com/youngaryan/COM3001_ASSIGN/blob/main/1.1.4/images/error_comparison1000.png},
  note         = {Accessed: 2025-04-01}
}

@misc{akiba2019optuna,
  author       = {Akiba, Takuya and Sano, Shotaro and Yanase, Toshihiko and Ohta, Takeru and Koyama, Masanori},
  title        = {Optuna: A Next-generation Hyperparameter Optimization Framework},
  year         = {2019},
  howpublished = {https://optuna.org/},
  note         = {Accessed: 2025-04-07}
}

@misc{youngaryanOptunaCode,
  author       = {Aryan Golbaghi},
  title        = {Lorenz attractor visualization},
  year         = {2025},
  howpublished = {https://github.com/youngaryan/COM3001_ASSIGN/blob/main/1.2.1/optuna_1.2.py},
  note         = {Accessed: 2025-04-01}
}

@misc{youngaryanerror_comparison_same_timesCode,
  author       = {Aryan Golbaghi},
  title        = {error_comparison_same_times},
  year         = {2025},
  howpublished = {https://github.com/youngaryan/COM3001_ASSIGN/blob/main/1.1.4/images/error_comparison_same_times.png},
  note         = {Accessed: 2025-04-01}
}

@misc{youngaryanerror_comparison_rk4_stable_0.13sCode,
  author       = {Aryan Golbaghi},
  title        = {error_comparison_rk4_stable_0.13},
  year         = {2025},
  howpublished = {https://github.com/youngaryan/COM3001_ASSIGN/blob/main/1.1.4/images/error_comparison_rk4_stable_0.13.png},
  note         = {Accessed: 2025-04-01}
}

@misc{youngaryanoptunaComparisonImage,
  author       = {Aryan Golbaghi},
  title        = {optunaComparisonImage.13},
  year         = {2025},
  howpublished = {https://github.com/youngaryan/COM3001_ASSIGN/blob/main/1.2.1/images/optuna_lorenz_3d.png},
  note         = {Accessed: 2025-04-01}
}

@misc{youngaryantwo_initial_conditions_3d_separateImg,
  author       = {Aryan Golbaghi},
  title        = {youngaryantwo_initial_conditions_3d_separateImg},
  year         = {2025},
  howpublished = {https://github.com/youngaryan/COM3001_ASSIGN/blob/main/1.1.4/images/two_initial_conditions_3d_separate.png},
  note         = {Accessed: 2025-04-01}
}

@misc{youngaryantwo_initial_conditions_3d_separateICode,
  author       = {Aryan Golbaghi},
  title        = {youngaryantwo_initial_conditions_3d_separateICode.13},
  year         = {2025},
  howpublished = {https://github.com/youngaryan/COM3001_ASSIGN/blob/main/1.2.1/two_diff_initial_cond.py},
  note         = {Accessed: 2025-04-01}
}

@misc{youngaryantwo_initial_conditions_3d_2separateICode,
  author       = {Aryan Golbaghi},
  title        = {youngaryantwo_initial_conditions_3d_2separateICode.13},
  year         = {2025},
  howpublished = {https://github.com/youngaryan/COM3001_ASSIGN/blob/main/1.1.4/images/two_initial_conditions_3d_separate_2.png},
  note         = {Accessed: 2025-04-01}
}

@misc{youngaryantwo_initial_conditions_3d_3separateICode,
  author       = {Aryan Golbaghi},
  title        = {youngaryantwo_initial_conditions_3d_3separateICode.13},
  year         = {2025},
  howpublished = {https://github.com/youngaryan/COM3001_ASSIGN/blob/main/1.1.4/images/two_initial_conditions_3d_separate_3.png},
  note         = {Accessed: 2025-04-01}
}
